@article{FH:2009,
    author  = "Dean P. Foster and Sergiu Hart",
    title   = "An Operational Measure of Riskiness",
    year    = "2009",
    journal = "Journal of Political Economy",
    volume  = "117",
    number  = "5",
    pages   = "785--814"
}

@article{Markowitz:1952,
    author  = "Harry M. Markowitz",
    title   = "Portfolio Selection",
    year    = "1952",
    journal = "Journal of Finance",
    volume  = "7",
    number  = "1",
    pages   = "77--91"
}

@book{Markowitz:1959,
    author    = "Harry M. Markowitz",
    title     = "Portfolio Selection: Efficient Diversification of Investments",
    publisher = "John Wiley and Sons",
    address  = "New York",
    year      = "1959"
}

@book{Rachev:2008,
    author    = "Svetlozar T. Rachev and Stoyan V. Stoyanov and Frank J. Fabozzi",
    title     = "Advanced Stochastic Models, Risk Assessment, and Portfolio Optimization",
    publisher = "John Wiley and Sons",
    address  = "Hoboken, New Jersey",
    year      = "2008"
}



@inbook{Haas:2009,
	author    = "Markus Haas and Christian Pigorsch",
	year      = "2009", 
	chapter   = "Financial Economics, Fat-Tailed Distributions", 
	editor    = "Robert A. Meyers", 
	title     = "Complex Systems in Finance and Econometrics", 
	publisher = "Springer",
	address   = "New York", 
	pages     = "308--339"
}

@inbook{Rachev:2005b,
	author    = "Svetlozar T. Rachev and S.V. Stoyanov and A. Biglova and F.J. Fabozzi",
	year      = "2005", 
	chapter   = "An Empirical Examination of Daily Stock Return Distributions for {U}{S} Stocks", 
	editor    = "D. Baier and R. Decker and L. Schmidt-Thieme", 
	title     = "Data Analysis and Decision Support", 
	publisher = "Springer",
	address   = "Berlin"
}


@misc{Riedel:2013,
	author = "Frank Riedel and Tobias Hellman",
	title = "The {F}oster-{H}art {M}easure of {R}iskiness for {G}eneral {G}ambles",
	month = "January",
	year = "2013",
	journal = "ArXiv e-prints",
	eprint = "1301.1471",
	note = "arXiv:1301.1471v1 [q-fin.RM]"
}

@book{Taleb:2007,
	author    = "Nassim Nicholas Taleb",
	title     = "The {B}lack {S}wan: {T}he {I}mpact of the {H}ighly {I}mprobable",
	publisher = "Random House",
	address  = "New York, New York",
	year      = "2007"
}

@misc{IMF:2009,
	author = "{{International Monetary Fund}}",
	title = "Assessing the Systemic Implications of Financial Linkages",
	
	year = "2009",
	
	
	note = "Global Financial Stability Review, Apr09, 73â€“110"
}


@TechReport{Brownlees_Engle:2015,
	author={Christian Brownlees and Robert Engle},
	title={{S}{R}{I}{S}{K}: A Conditional Capital Shortfall Index for Systemic Risk Measurement},
	year=2015,
	type={Working Paper},
}

   @misc{Huser:2015,
   	author = "Anne-Caroline H{\"u}ser",
   	title = "Too Interconnected to Fail: A Survey of the Interbank Networks Literature",
   	
   	year = "2015",
   	
   	
   	note = "{S}{A}{F}{E} Working Paper Number 91"
   }


   @misc{FRB:2003,
   	author = "{{Federal Reserve Board}}",
   	title = "Global Integration in the Banking Industry",
   	
   	year = "2003",
   	month = "November",
   	
   	
   	note = "Federal Reserve Bulletin"
   }
   
     @misc{Fahlenbrach_et_al:2016,
     	author  = "R{\"u}diger Fahlenbrach and Robert Prilmeier and Ren{\`e} M Stulz",
     	title   = "Why Does Fast Loan Growth Predict Poor Performance for Banks?",
     	year    = "2016",
     	
     	
     	
     	note = "{N}{B}{E}{R} Working Paper number 22089"
     }